@Book{WS2017,
  Title                    = {Cryptography And Network Security Principles And Practice},
  Author                   = {{William Stallings}},
  Year                     = {2017},
  Edition                  = {7th},
  Address                  = {Edinburgh Gate Harlow Essex CM20 2JE England},
  Publisher                = {Pearson Education Limited}
}

@inbook{WS2017-Vignere,
    author = "William Stallings",
    title = "Cryptography And Network Security Principles And Practice",
    publisher = "Pearson",
    year = "2017",
    chapter = "3.2",
    pages   = {103},
    keywords  = "substitution techniques, polyalphabetic ciphers",
    volume = 1,
    Address = {Edinburgh Gate Harlow Essex CM20 2JE England},
    month        = 7,
}


@inbook{WS2017-SDES,
    author = "William Stallings",
    title = "Cryptography And Network Security Principles And Practice",
    publisher = "Pearson",
    year = "2017",
    chapter = "Apendix G. Simplified DES",
    keywords  = "DES,sDES",
    volume = 1,
    Address = {Edinburgh Gate Harlow Essex CM20 2JE England},
    month        = 7,
    page= 315
}



@online{lettfreq,
    author = "LettterFrequency",
    title = "ETA: LetterFrequency.org",
    url  = "http://letterfrequency.org",
    year="2020",
    addendum = "(accessed: 08.09.2020)",
    keywords = "wordfrequency,distribution"
}

