@Book{WS2017,
  Title                    = {Cryptography And Network Security Principles And Practice},
  Author                   = {{William Stallings}},
  Year                     = {2017},
  Edition                  = {7th},
  Address                  = {Edinburgh Gate Harlow Essex CM20 2JE England},
  Publisher                = {Pearson Education Limited}
}

@inbook{WS2017-Vignere,
    author = "William Stallings",
    title = "Cryptography And Network Security Principles And Practice",
    publisher = "Pearson",
    year = "2017",
    chapter = "3.2",
    pages   = {103},
    keywords  = "substitution techniques, polyalphabetic ciphers",
    volume = 1,
    Address = {Edinburgh Gate Harlow Essex CM20 2JE England},
    month        = 7,
}

@inbook{WS2017-PKI,
    author = "William Stallings",
    title = "Cryptography And Network Security Principles And Practice",
    publisher = "Pearson",
    year = "2017",
    chapter = "Apendix G. Simplified DES",
    keywords  = "Aymmetric ciphers",
    volume = 1,
    Address = {Edinburgh Gate Harlow Essex CM20 2JE England},
    month        = 7,
    page= 283
}


@inbook{WS2017-SYMENC,
    author = "William Stallings",
    title = "Cryptography And Network Security Principles And Practice",
    publisher = "Pearson",
    year = "2017",
    chapter = "3. Symmetric encryption",
    keywords  = "Symmetric cyphers",
    volume = 1,
    Address = {Edinburgh Gate Harlow Essex CM20 2JE England},
    month        = 7,
    page= 86
}

@inbook{WS2017-RSA,
    author = "William Stallings",
    title = "Cryptography And Network Security Principles And Practice",
    publisher = "Pearson",
    year = "2017",
    chapter = "9.2 Asymmetric ciphers. The RSA Algorithm",
    keywords  = "RSA Algorithm",
    volume = 1,
    Address = {Edinburgh Gate Harlow Essex CM20 2JE England},
    month        = 7,
    page= 295   
}


@inbook{WS2017-SDES,
    author = "William Stallings",
    title = "Cryptography And Network Security Principles And Practice",
    publisher = "Pearson",
    year = "2017",
    chapter = "Apendix G. Simplified DES",
    keywords  = "DES,sDES",
    volume = 1,
    Address = {Edinburgh Gate Harlow Essex CM20 2JE England},
    month        = 7,
    page= 315
}



@online{lettfreq,
    author = "LettterFrequency",
    title = "ETA: LetterFrequency.org",
    url  = "http://letterfrequency.org",
    year="2020",
    addendum = "(accessed: 08.09.2020)",
    keywords = "wordfrequency,distribution"
}

@online{CRL,
    author = "LettterFrequency",
    title = "ETA: LetterFrequency.org",
    year="2020",
    addendum = "(accessed: 08.09.2020)",
    url="https://searchsecurity.techtarget.com/definition/Certificate-Revocation-List#:~:text=A%20Certificate%20Revocation%20List%20(CRL,should%20no%20longer%20be%20trusted."
}


@online{TLS_Internet_Society,
    author = "Internet Society",
    title = "TLS Basics",
    year="2020",
    addendum = "(accessed: 31.10.2020)",
    url="https://www.internetsociety.org/deploy360/tls/basics/#:~:text=TLS%20is%20a%20cryptographic%20protocol,a%20secure%20session%20is%20established."
}

@online{IOT_SSL,
    author = "Ken W. Alger",
    title = "IoT Security with SSL/TLS in MicroPython",
    year="2020",
    addendum = "(accessed: 31.10.2020)",
    url="https://www.kenwalger.com/blog/tag/openssl/"
}

@online{WIKI_TLS,
    author = "Wikipedia",
    title = "Transport Layer Security",
    year="2020",
    addendum = "(accessed: 31.10.2020)",
    url="https://en.wikipedia.org/wiki/Transport_Layer_Security"
}


@online{CA_INFOSEC,
    author = "IngoSec",
    title = "How Cybercrime Exploits Digital Certificates",
    year="2020",
    addendum = "(accessed: 31.10.2020)",
    url="https://resources.infosecinstitute.com/topic/cybercrime-exploits-digital-certificates/"
}



@online{SSL_CERT,
    author = "SSL.COM",
    title = "Browsers and Certificate Validation",
    year="2020",
    addendum = "(accessed: 31.10.2020)",
    url="https://www.ssl.com/article/browsers-and-certificate-validation/"
}


